<record><leader>00000cas a2200000 a 4500</leader><controlfield tag="001">8995329</controlfield><controlfield tag="008">821126d18341841dcuwr ne      0    0eng c</controlfield><datafield ind1=" " ind2=" " tag="010"><subfield code="a">sn 86053760 </subfield></datafield><datafield ind1=" " ind2=" " tag="040"><subfield code="a">NYG</subfield><subfield code="b">eng</subfield><subfield code="c">NYG</subfield><subfield code="d">NPX</subfield><subfield code="d">KNP</subfield><subfield code="d">MFN</subfield><subfield code="d">KNP</subfield><subfield code="d">MGN</subfield><subfield code="d">IUL</subfield><subfield code="d">NVK</subfield><subfield code="d">CVF</subfield><subfield code="d">DCN</subfield><subfield code="d">OCL</subfield><subfield code="d">CVF</subfield><subfield code="d">OCLCG</subfield><subfield code="d">MIA</subfield><subfield code="d">OCLCQ</subfield><subfield code="d">OCLCF</subfield><subfield code="d">OCLCO</subfield><subfield code="d">OCL</subfield></datafield><datafield ind1=" " ind2=" " tag="042"><subfield code="a">pcc</subfield></datafield><datafield ind1=" " ind2=" " tag="043"><subfield code="a">n-us-dc</subfield></datafield><datafield ind1=" " ind2=" " tag="092"><subfield code="a">973.56</subfield><subfield code="b">qE96</subfield></datafield><datafield ind1="0" ind2=" " tag="130"><subfield code="a">Extra globe (Washington, D.C. : 1834)</subfield></datafield><datafield ind1="1" ind2="0" tag="245"><subfield code="a">Extra globe.</subfield></datafield><datafield ind1=" " ind2=" " tag="260"><subfield code="a">[Washington, D.C.] :</subfield><subfield code="b">F.P. Blair,</subfield><subfield code="c">1834-1841.</subfield></datafield><datafield ind1=" " ind2=" " tag="300"><subfield code="a">v.</subfield></datafield><datafield ind1=" " ind2=" " tag="310"><subfield code="a">Weekly</subfield></datafield><datafield ind1="0" ind2=" " tag="362"><subfield code="a">Vol. 1, no. 1 (June 28, 1834)-v. 7, no. 26 (Nov. 10, 1841).</subfield></datafield><datafield ind1=" " ind2=" " tag="500"><subfield code="a">Publisher varies: F.P. Blair, &lt;1834&gt;; Blair &amp; Rives, &lt;1838&gt;-1841.</subfield></datafield><datafield ind1=" " ind2=" " tag="580"><subfield code="a">Campaign ed. of: Globe (Washington, D.C. : Daily); Globe (Washington, D.C. : Semiweekly); Globe (Washington, D.C. : Weekly).</subfield></datafield><datafield ind1=" " ind2="0" tag="651"><subfield code="a">United States</subfield><subfield code="x">Politics and government</subfield><subfield code="y">1829-1837</subfield><subfield code="v">Newspapers.</subfield></datafield><datafield ind1=" " ind2="0" tag="651"><subfield code="a">United States</subfield><subfield code="x">Politics and government</subfield><subfield code="y">1837-1841</subfield><subfield code="v">Newspapers.</subfield></datafield><datafield ind1=" " ind2="0" tag="651"><subfield code="a">Washington (D.C.)</subfield><subfield code="v">Newspapers.</subfield></datafield><datafield ind1=" " ind2="7" tag="650"><subfield code="a">Politics and government</subfield><subfield code="2">fast</subfield><subfield code="0">(OCoLC)fst01919741</subfield></datafield><datafield ind1=" " ind2="7" tag="651"><subfield code="a">United States.</subfield><subfield code="2">fast</subfield><subfield code="0">(OCoLC)fst01204155</subfield></datafield><datafield ind1=" " ind2="7" tag="651"><subfield code="a">Washington (D.C.)</subfield><subfield code="2">fast</subfield><subfield code="0">(OCoLC)fst01204505</subfield></datafield><datafield ind1=" " ind2="7" tag="648"><subfield code="a">1829-1841</subfield><subfield code="2">fast</subfield></datafield><datafield ind1=" " ind2="7" tag="655"><subfield code="a">Newspapers.</subfield><subfield code="2">fast</subfield><subfield code="0">(OCoLC)fst01423814</subfield></datafield><datafield ind1="1" ind2=" " tag="700"><subfield code="a">Blair, Francis Preston,</subfield><subfield code="d">1791-1876.</subfield></datafield><datafield ind1=" " ind2=" " tag="752"><subfield code="a">United States</subfield><subfield code="b">District of Columbia</subfield><subfield code="d">Washington.</subfield></datafield><datafield ind1="1" ind2=" " tag="775"><subfield code="t">Globe (Washington, D.C. : Daily)</subfield><subfield code="w">(DLC)sn 82014043</subfield><subfield code="w">(OCoLC)8786354</subfield></datafield><datafield ind1="1" ind2=" " tag="775"><subfield code="t">Globe (Washington, D.C. : Semiweekly)</subfield><subfield code="w">(DLC)sn 82014042</subfield><subfield code="w">(OCoLC)8786335</subfield></datafield><datafield ind1="1" ind2=" " tag="775"><subfield code="t">Globe (Washington, D.C. : Weekly)</subfield><subfield code="w">(DLC)sn 82014041</subfield><subfield code="w">(OCoLC)8772978</subfield></datafield><datafield ind1="0" ind2="8" tag="776"><subfield code="i">Online version:</subfield><subfield code="t">Extra globe (Washington, D.C. : 1834)</subfield><subfield code="w">(OCoLC)656791766</subfield></datafield><datafield ind1="0" ind2="0" tag="785"><subfield code="t">Weekly globe (Washington, D.C. : 1841)</subfield><subfield code="w">(DLC)sn 82006532</subfield><subfield code="w">(OCoLC)8776973</subfield></datafield><datafield ind1="1" ind2=" " tag="029"><subfield code="a">AU@</subfield><subfield code="b">000025794610</subfield></datafield></record>